@misc{SpetzlerEtAl2025xArxiv,
      title={Physics-Guided Sequence Modeling for Fast Simulation and Design Exploration of 2D Memristive Devices}, 
      author={Benjamin Spetzler and Elizaveta Spetzler and Saba Zamankhani and Dilara Abdel and Patricio Farrell and Kai-Uwe Sattler and Martin Ziegler},
      year={2025},
      note = {arXiv:2505.13882},
      url={https://arxiv.org/abs/2505.13882}, 
}

@article{BrustEtAl2025xCEJ,
title = {Transport of heat and mass for reactive gas mixtures in porous media: Modeling and application},
journal = {Chemical Engineering Journal},
volume = {516},
pages = {162027},
year = {2025},
url = {https://www.sciencedirect.com/science/article/pii/S1385894725028530},
author = {David Brust and Katharina Hopf and Jürgen Fuhrmann and Andrii Cheilytko and Michael Wullenkord and Christian Sattler},
}

@Article{SpetzlerEtAl2025xNPJ,
author={Spetzler, Benjamin
and Sangwan, Vinod K.
and Hersam, Mark C.
and Ziegler, Martin},
title={High-throughput numerical modeling of the tunable synaptic behavior in 2D MoS2 memristive devices},
journal={npj 2D Materials and Applications},
year={2025},
month={Feb},
day={21},
volume={9},
number={1},
pages={17},
url={https://doi.org/10.1038/s41699-025-00530-y}
}

@phdthesis{belin:tel-04991578,
  TITLE = {{On the free boundary of a forward-backward parabolic equation}},
  AUTHOR = {Belin, Th{\'e}o},
  URL = {https://theses.hal.science/tel-04991578},
  SCHOOL = {{Universit{\'e} Paris-Saclay}},
  YEAR = {2024}
}

@article{brust2024experimental,
  title={Experimental Investigation of Photo-Thermal Catalytic Reactor for the Reverse Water Gas Shift Reaction under Concentrated Irradiation},
  author={Brust, David and Wullenkord, Michael and G{\'o}mez, Hermenegildo Garc{\'\i}a and Albero, Josep and Sattler, Christian},
  journal={Journal of Environmental Chemical Engineering},
  pages={113372},
  year={2024},
  url = "https://doi.org/10.1016/j.jece.2024.113372"
}

@phdthesis{Abdel2024,
author = {Abdel, Dilara},
year = {2024},
title = {Modeling and simulation of vacancy-assisted charge transport in innovative semiconductor devices},
type = {PhD thesis},
school = "Freie Universität Berlin",
url = "http://dx.doi.org/10.17169/refubium-42769",
}

@techreport{brust2024transport,
  title={Transport of Heat and Mass for Reactive Gas Mixtures in Porous Media: Modeling and Application},
  author={Brust, David and Hopf, Katharina and Fuhrmann, J{\"u}rgen and Cheilytko, Andrii and Wullenkord, Michael and Sattler, Christian},
  url = "http://dx.doi.org/10.2139/ssrn.4789285",
  institution = "SSRN",
  year={2024}
}

@techreport{qureshi4921855reduced,
  title={Reduced Order Cfd Modeling Approach Based on the Asymptotic Expansion-An Application for Heterogeneous Catalytic Systems},
  author={Qureshi, Muhammad Uzair and Matera, Sebastian and Runge, Daniel and Merdon, Christian and Fuhrmann, J{\"u}rgen and Repke, Jens-Uwe and Br{\"o}sigke, Georg},
  institution = "SSRN",
  url = {https://ssrn.com/abstract=4921855},
  year={2024}
}

@techreport{belin:hal-04647129,
  TITLE = {{Entropy solutions of a diffusion equation with discontinuous hysteresis and their finite volume approximation}},
  AUTHOR = {Belin, Th{\'e}o and Lafitte-Godillon, Pauline and Lescarret, Vincent and Fuhrmann, J{\"u}rgen and Mascia, Corrado},
  URL = {https://hal.science/hal-04647129},
  institution = "HAL",
  YEAR = {2024},
}

@inproceedings{matera2023reduced,
  title={Reduced Basis Approach for Convection-Diffusion Equations with Non-linear Boundary Reaction Conditions},
  author={Matera, S and Merdon, C and Runge, D},
  booktitle={International Conference on Finite Volumes for Complex Applications},
  pages={335--343},
  year={2023},
  doi = {10.1007/978-3-031-40864-9_28},
  organization={Springer}
}

@article{spetzler2023role,
  title={The Role of Vacancy Dynamics in Two-Dimensional Memristive Devices},
  author={Spetzler, Benjamin and Abdel, Dilara and Schwierz, Frank and Ziegler, Martin and Farrell, Patricio},
  journal={Advanced Electronic Materials},
  pages={2300635},
  year={2023},
  doi = {10.1002/aelm.202300635},
  publisher={Wiley Online Library}
}

@article{scholz2023hestia,
  title={Hestia.jl: A Julia Library for Heat Conduction Modeling with Boundary Actuation.},
  author={Scholz, Stephan and Berger, Lothar},
  journal={Simul. Notes Eur.},
  volume={33},
  number={1},
  url = {https://www.sne-journal.org/fileadmin/user_upload_sne/SNE_Issues_OA/SNE_33_1/articles/sne.33.1.10634.sn.OA.pdf},
  pages={27--30},
  year={2023}
}

@inproceedings{scharer2023transient,
  title={A Transient Non-isothermal Cell Performance Model for Organic Redox Flow Batteries},
  author={Sch{\"a}rer, Roman Pascal and Schumacher, J{\"u}rgen},
  booktitle={19th Symposium on Modeling and Experimental Validation of Electrochemical Energy Technologies (ModVal), Duisburg, Germany, 21-23 March 2023},
  url = {https://flowbatteryforum.com/wp-content/uploads/2023/06/2355-Roman-Schaerer-Poster.pdf},
  year={2023}
}

@inproceedings{fuhrmann2023two,
  title={Two Entropic Finite Volume Schemes for a Nernst--Planck--Poisson System with Ion Volume Constraints},
  author={Fuhrmann, J{\"u}rgen and Gaudeul, Beno{\^\i}t and Keller, Christine},
  booktitle={International Conference on Finite Volumes for Complex Applications},
  pages={285--294},
  year={2023},
  organization={Springer},
  doi= {10.1007/978-3-031-40864-9_23}
}

@article{VagnerPavelkaFuhrmannKlika2022,
title = {A multiscale thermodynamic generalization of {M}axwell-{S}tefan diffusion equations and of the dusty gas model},
journal = {International Journal of Heat and Mass Transfer},
volume = {199},
pages = {123405},
year = {2022},
doi = {10.1016/j.ijheatmasstransfer.2022.123405},
author = {P. V{\'a}gner and M. Pavelka and J. Fuhrmann and V. Klika},
}

@Article{MilosEtAlxJES2022,
 author = {
Milo{\v{s}}, V. and
V{\'a}gner, P. and
Bud{\'a}{\v{c}}, D. and
Carda, M. and
Paidar, M. and
Fuhrmann, J.
and 
Bouzek, K.
},
 title = {Generalized {P}oisson-{N}ernst-{P}lanck-based physical model of an {O2} | {LSM} | {YSZ} electrode},
  year = 2022,
  journal = "Journal of the Electrochemical Society",
  doi="10.1149/1945-7111/ac4a51",
  number=169,
  pages=044505
}


@article{xiao2022julia,
  title={Julia language in computational mechanics: A new competitor},
  author={Xiao, Lei and Mei, Gang and Xi, Ning and Piccialli, Francesco},
  journal={Archives of Computational Methods in Engineering},
  volume={29},
  number={3},
  pages={1713--1726},
  year={2022},
  doi = {10.1007/s11831-021-09636-0},
  publisher={Springer}
}

@article{gaudeul2022entropy,
  title={Entropy and convergence analysis for two finite volume schemes for a Nernst--Planck--Poisson system with ion volume constraints},
  author={Gaudeul, Beno{\^\i}t and Fuhrmann, J{\"u}rgen},
  journal={Numerische Mathematik},
  volume={151},
  number={1},
  pages={99--149},
  year={2022},
  doi = {10.1007/s00211-022-01279-y},
  publisher={Springer}
}

@inproceedings{martins2022semiconductor,
  title={From Semiconductor to Transistor-Level: Modeling, Simulation, and Layout Rendering Tools},
  author={Martins, Jo{\~a}o R Raposo de O and Alves, Francisco and Ferreira, Pietro Maris},
  booktitle={Colloque du GdR SOC2},
  url = {https://hal.science/hal-03690082},
  note = {hal-03690082},
  year={2022}
}

@mastersthesis{jambrich2022consistent,
  title={Consistent non-equilibrium thermodynamic modeling of hydrogen fuel cells},
  author={Jambrich, Jakub},
  year={2022},
  school={Univerzita Karlova, Matematicko-fyzik{\'a}ln{\'\i} fakulta},
  Url = {https://dspace.cuni.cz/bitstream/handle/20.500.11956/174167/120418015.pdf}
}

@mastersthesis{chinnery2022tcad,
  title={TCAD-Informed Surrogate Models of Semiconductor Devices},
  author={Chinnery, Samuel B},
  year={2022},
  url = {https://dspace.mit.edu/handle/1721.1/144946},
  school={Massachusetts Institute of Technology}
}

@article{abdel2021modelling,
  title={Modelling charge transport in perovskite solar cells: Potential-based and limiting ion depletion},
  author={Abdel, Dilara and V{\'a}gner, Petr and Fuhrmann, J{\"u}rgen and Farrell, Patricio},
  journal={Electrochimica Acta},
  volume={390},
  pages={138696},
  year={2021},
  doi = {10.1016/j.electacta.2021.138696},
  publisher={Elsevier}
}


@article{abdel2021assessing,
  title={Assessing the quality of the excess chemical potential flux scheme for degenerate semiconductor device simulation},
  author={Abdel, Dilara and Farrell, Patricio and Fuhrmann, J{\"u}rgen},
  journal={Optical and Quantum Electronics},
  volume={53},
  pages={1--10},
  year={2021},
  doi = "10.1007/s11082-021-02803-4",
  publisher={Springer}
}


@article{cances2021numerical,
  title={A numerical-analysis-focused comparison of several finite volume schemes for a unipolar degenerate drift-diffusion model},
  author={Canc{\`e}s, Cl{\'e}ment and Chainais-Hillairet, Claire and Fuhrmann, J{\"u}rgen and Gaudeul, Beno{\^\i}t},
  journal={IMA Journal of Numerical Analysis},
  volume={41},
  number={1},
  pages={271--314},
  year={2021},
  doi = {10.1093/imanum/draa002},
  publisher={Oxford University Press}
}

@article{park2021mathematical,
  title={Mathematical modeling and analysis of microwave-assisted freeze-drying in biopharmaceutical applications},
  author={Park, Jinwoo and Cho, Jae Hyun and Braatz, Richard D},
  journal={Computers \& Chemical Engineering},
  volume={153},
  pages={107412},
  year={2021},
  doi = {10.1016/j.compchemeng.2021.107412},
  publisher={Elsevier}
}

@inproceedings{cances2020four,
  title={On four numerical schemes for a unipolar degenerate drift-diffusion model},
  author={Canc{\`e}s, Cl{\'e}ment and Hillairet, Claire Chainais and Fuhrmann, J{\"u}rgen and Gaudeul, Beno{\^\i}t},
  booktitle={Finite Volumes for Complex Applications IX-Methods, Theoretical Aspects, Examples: FVCA 9, Bergen, Norway, June 2020 IX},
  pages={163--171},
  year={2020},
  doi="10.1007/978-3-030-43651-3_13",
  organization={Springer}
}
